@InBook{SIAM_Journal,
ALTauthor = {Humberto Carrillo, David Lipman},
title = {Humberto Carrillo, David Lipman "The Multiple Sequence Alignment Problem in Biology"\, on Applied Mathematics Vol. 48, No. 5},
year = {(Oct., 1988)},
OPTvolume = {48},
OPTnumber = {5},
OPTedition = {Applied Mathematics},
OPTmonth = {Oct},
OPTpages = {1073-1082}
}

@InBook{Levenshtein,
ALTauthor = {В. И. Левенштейн.},
title = {Двоичные коды с исправлением выпадений, вставок и замещений символов. Доклады Академий Наук СССР. 163.4:845-848.},
year = {1965},
}


@InBook{NWalgo,
	ALTauthor = {Needleman S. B., Wunsch C. D.},
	title = {Needleman S. B., Wunsch C. D. "A general method applicable to the search for similarities in the amino acid sequence of two proteins"\, on Journal of Molecular Biology Vol. 48, no. 3.},
	year = {1970},
	OPTvolume = {48},
	OPTnumber = {3},
	OPTedition = {Journal of Molecular Biology}
}

@InBook{SWalgo,
	ALTauthor = {Smith T. F., Waterman M. S.},
	title = {Smith T. F., Waterman M. S. "Identification of common molecular subsequences"\, on Journal of Molecular Biology Vol. 147, no. 1. },
	year = {1981},
	OPTvolume = {147},
	OPTnumber = {1},
	OPTedition = {Journal of Molecular Biology}
}

@article{Hirshberg,
	author = {D. S. Hirschberg},
	title = {A linear space algorithm for computing maximal common subsequences},
	note={New York: 1975. P. 341--343},
	journaltitle = {ACM},
	date = {(June 1975)}
}


@Unpublished{MironovLect,
author = {Андрей Александрович Миронов},
title = {Лекция "Введение в биоинформатику"},
note = {[Электронный ресурс] // URL: \url{http://mipt.ru/dbmp/student/files/bioinformatics/public\_lection/} (дата обращения 02.03.2015)}
}

@MISC{WikiPairAlign,
  title={Bioinformatics: sequence and genome analysis. New York: 2004},
  author={Mount, David W},
  publisher={Cold Spring Harbor Laboratory Press}
}

@MISC{MACSE,
	title = "MACSE: Multiple Alignment of Coding SEquences Accounting for Frameshifts and Stop Codons [Электронный ресурс] // URL: \url{http://journals.plos.org/plosone/article?id=10.1371/journal.pone.0022594} (дата обращения 23.03.2015)"
}

@article{AlignmentClustal,
	author = {А.В. Бутвиловский, Е.В. Барковский, В.Э. Бутвиловский},
	title = {Выравнивание аминокислотных и нуклеотидных	последовательностей},
	journaltitle = {Белорусский государственный медицинский университет},
	note = {[Электронный ресурс] // Белорусский государственный медицинский университет. URL: \url{http://www.bsmu.by/medicaljournal/bca1983ad3b6898219bca6eb399ae488/} (дата обращения 17.03.2015)},
	OPTurl = {\url{http://www.bsmu.by/medicaljournal/bca1983ad3b6898219bca6eb399ae488/}}
}

@article{legendre1998numerical,
	title={Numerical ecology: second English edition},
	author={Legendre, Pierre and Legendre, Louis},
	journal={Developments in environmental modelling},
	volume={20},
	year={1998}
}

@MISC{HirshbergParallel,
	title = "Параллельный алгоритм глобального выравнивания с оптимальным использованием памяти [Электронный ресурс] // \url{http://www.science-education.ru/107-8139} (дата обращения 18.03.2015)"
}

@MISC{FASTAformat,
	title = "What is FASTA format? [Электронный ресурс] // URL: \url{http://zhanglab.ccmb.med.umich.edu/FASTA/} (дата обращения 04.04.2015)"
}

@MISC{GenBankFormat,
	title = "GenBank format  [электронная публикация]",
	note = "--- URL: \url{http://quma.cdb.riken.jp/help/gbHelp.html}"
}

@MISC{GCC,
	title = "The GNU Compiler Collection  [Электронный ресурс] // GNU Operating System. URL: \url{http://gcc.gnu.org/} (дата обращения 07.05.2015)"
}

@MISC{MAKE,
	title = "GNU Make  [Электронный ресурс] // GNU Operating System. URL: \url{http://www.gnu.org/software/make/} (дата обращения 07.05.2015)"
}

@MISC{BLOSUM62,
	title = "BLOSUM Clustered Scoring Matrix  [Электронный ресурс] // URL: \url{http://www.ncbi.nlm.nih.gov/Class/FieldGuide/BLOSUM62} (дата обращения 21.05.2015)" 
}

@MISC{RevTrans,
	title = "Wernersson R, Pedersen AG (2003) RevTrans: Multiple alignment of coding DNA from aligned amino acid sequences. Nucleic Acids Res 31: 3537–3539."
}

@MISC{PAL2NAL,
	title = "Suyama M, Torrents D, Bork P (2006) PAL2NAL: robust conversion of protein sequence alignments into the corresponding codon alignments. Nucleic Acids Res 34: W609–612."
}

@MISC{transAlign,
	title = "Bininda-Emonds OR (2005) transAlign: using amino acids to facilitate the multiple alignment of protein-coding DNA sequences. BMC Bioinformatics 6: 156."
}

@MISC{TranslatorX,
	title = "Abascal F, Zardoya R, Telford MJ (2010) TranslatorX: multiple alignment of nucleotide sequences guided by amino acid translations. Nucleic Acids Res 38: W7–13."
}

@MISC{Hein,
	title = "Hein J (1994) An algorithm combining DNA and protein alignment. J Theor Biol 167: 169–174."
}

@MISC{HeinOptimize,
	title = "Arvestad L (1997) Aligning coding DNA in the presence of frame-shift errors. pp. 180–190. "
}

@MISC{VirusAlign,
	title = "Stocsits RR, Hofacker IL, Fried C, Stadler PF (2005) Multiple sequence alignments of partially coding nucleic acid sequences. BMC Bioinformatics 6: 160. "
}

@MISC{FrameshiftError,
	title = "Guan X, Uberbacher EC (1996) Alignments of DNA and protein sequences containing frameshift errors. Comput Appl Biosci 12: 31–40. "
}

@article{BioBook,
  title={Ярыгин В. Н. Биология},
  author={Ярыгин, В. Н. and Васильева, В. И. and Волков, И. Н. and Синельщикова, В. В.},
  journal={Биология},
  volume={8},
  pages={12},
  year={2010}
}
